@Book{GamutMapping,
	Title = {Color Gamut Mapping},
	Author = {Ján Morovič},
	Publisher = {John Wiley and Sons},
	Year = {2008}
}

@Book{ColorManagement,
	Title = {Color Management: Understanding and using ICC Profiles},
	Author = {Phil Green},
	Publisher = {John Wiley and Sons},
	Year = {2010}
}

@Article{InteractiveGamutMapping,
	Title = {Interactive Color Gamut Mapping},
	Author = {Ivar Farup and Jon Y. Hardeberg},
	Year = {2002}
}

@InProceedings{BaselineGamut,
	Title = {Baseline Gamut Mapping Method for the Perceptual Reference Medium Gamut},
	Author = {Phil Green},
	Booktitle = {Color Imaging XX: Displaying, Processing, Hardcopy, and Applications},
	Publisher = {Proc. SPIE},
	Year = {2015},
	Volume = {9395},
	Pages = {93950M--93950M-7}
}

@InCollection{HandbookGamutMapping,
	Title = {Gamut Mapping},
	BookTitle = {Digital Color Imaging Handbook},
	Chapter = {10},
	Author = {Ján Morovič},
	Publisher = {CRC Press},
	Year = {2003}
}

@InCollection{HandbookFundamentals,
	Title = {Color fundamentals for digital imaging},
	BookTitle = {Digital Color Imaging Handbook},
	Chapter = {1},
	Author = {Gaurav Sharma},
	Publisher = {CRC Press},
	Year = {2003}
}

@InCollection{ColourImageScience,
	Title = {How different are colour gamuts in cross-media colour reproduction?},
	BookTitle = {Colour Image Science: Exploiting Digital Media},
	Chapter = {12},
	Author = {Ján Morovič and Pei-Li Sun},
	Publisher = {John Wiley and Sons},
	Year = {2002}
}

@InCollection{ColourImaging,
	Title = {Specifying and visualizing colour gamut boundaries},
	BookTitle = {Colour Imaging: Vision and Technology},
	Chapter = {13},
	Author = {Patrick G. Herzog},
	Publisher = {John Wiley and Sons},
	Year = {1999}
}

@Webpage{IccMax,
	Title = {icc{MAX} website},
	Author = {{International Color Consortium}},
	Url = {http://www.color.org/iccmax/index.xalter},
	LastChecked = {25.10.2015}
}

@Webpage{MitLicense,
	Title = {{MIT} License},
	Author = {{Open Source Initiative}},
	Url = {https://opensource.org/licenses/MIT},
	LastChecked = {25.10.2015}
}

@Webpage{GnuFreeCategories,
	Title = {Categories of free and nonfree software},
	Author = {{GNU}},
	Url = {https://www.gnu.org/philosophy/categories.html},
	LastChecked = {25.10.2015}
}

@Webpage{Bootstrap,
	Title = {Boostrap website},
	Url = {http://getbootstrap.com/},
	LastChecked = {25.10.2015}
}

@Webpage{Angular,
	Title = {Angular{JS} website},
	Url = {https://angularjs.org/},
	LastChecked = {25.10.2015}
}

@Webpage{Grunt,
	Title = {Grunt: {T}he {J}ava{S}cript {T}ask {R}unner website},
	Url = {http://gruntjs.com/},
	LastChecked = {25.10.2015}
}

@Webpage{Npm,
	Title = {npm website},
	Url = {https://www.npmjs.com/},
	LastChecked = {25.10.2015}
}

@Webpage{WebGl,
	Title = {Web{GL} website},
	Author = {Khronos},
	Url = {https://www.khronos.org/webgl/},
	LastChecked = {26.10.2015}
}

@Webpage{ThreeJs,
	Title = {three.js website},
	Url = {http://threejs.org/},
	LastChecked = {26.10.2015}
}

@Webpage{Chromatist,
	Title = {Chromatist {J}ava{S}cript {L}ibrary website},
	Url = {https://github.com/jrus/chromatist},
	LastChecked = {26.10.2015}
}

@misc{IccMaxSpec,
	Title = {Image technology colour management - {E}xtensions to architecture, profile format, and data structure. {ISO}/{TC} 130/{WG} 7 {N} 115},
	Author = {{I}nternational {O}rganization for {S}tandardization ({ISO})}
}
